<record><leader>00000cas a22000007a 4500</leader><controlfield tag="001">10263356</controlfield><controlfield tag="008">840104d1805181upauwr ne      0    0eng d</controlfield><datafield ind1=" " ind2=" " tag="010"><subfield code="a">sn 84026054 </subfield></datafield><datafield ind1=" " ind2=" " tag="040"><subfield code="a">NPU</subfield><subfield code="b">eng</subfield><subfield code="c">NPU</subfield><subfield code="d">NPA</subfield><subfield code="d">NPX</subfield><subfield code="d">NPH</subfield><subfield code="d">NVF</subfield><subfield code="d">OCLCQ</subfield></datafield><datafield ind1=" " ind2=" " tag="042"><subfield code="a">msc</subfield></datafield><datafield ind1="0" ind2=" " tag="130"><subfield code="a">Hope's Philadelphia price-current, and commercial record (Philadelphia, Pa. : 1805)</subfield></datafield><datafield ind1="1" ind2="0" tag="245"><subfield code="a">Hope's Philadelphia price-current, and commercial record.</subfield></datafield><datafield ind1="3" ind2="0" tag="246"><subfield code="a">Philadelphia price-current, and commercial record</subfield></datafield><datafield ind1=" " ind2=" " tag="260"><subfield code="a">Philadelphia, Pa. :</subfield><subfield code="b">Thomas Hope</subfield></datafield><datafield ind1=" " ind2=" " tag="300"><subfield code="a">no. ;</subfield><subfield code="c">33 cm.</subfield></datafield><datafield ind1=" " ind2=" " tag="310"><subfield code="a">Weekly</subfield></datafield><datafield ind1="1" ind2=" " tag="362"><subfield code="a">Began with Mar. 11, 1805 issue.</subfield><subfield code="z">Cf. Checklist of Pa. newspapers.</subfield></datafield><datafield ind1=" " ind2=" " tag="500"><subfield code="a">Last issue located: No. 478 (Dec. 28, 1813). Cf. Brigham, C.S. Amer. newspapers.</subfield></datafield><datafield ind1=" " ind2=" " tag="580"><subfield code="a">Continues: Hope's new Philadelphia price-current. Cf. Checklist of Pa. newspapers.</subfield></datafield><datafield ind1=" " ind2=" " tag="588"><subfield code="a">Description based on: No. 35 (June 10, 1805).</subfield></datafield><datafield ind1="1" ind2=" " tag="700"><subfield code="a">Hope, Thomas.</subfield></datafield><datafield ind1=" " ind2=" " tag="752"><subfield code="a">United States</subfield><subfield code="b">Pennsylvania</subfield><subfield code="c">Philadelphia</subfield><subfield code="d">Philadelphia.</subfield></datafield><datafield ind1="0" ind2="0" tag="780"><subfield code="t">Hope's new Philadelphia price current</subfield><subfield code="w">(DLC)sn 93057055</subfield></datafield><datafield ind1="1" ind2=" " tag="029"><subfield code="a">AU@</subfield><subfield code="b">000025839559</subfield></datafield></record>